<record><leader>00000cas a2200000 a 4500</leader><controlfield tag="001">13740971</controlfield><controlfield tag="008">860617d18571859mouwr ne      0    0eng d</controlfield><datafield ind1=" " ind2=" " tag="010"><subfield code="a">sn 86063963 </subfield></datafield><datafield ind1=" " ind2=" " tag="040"><subfield code="a">KSH</subfield><subfield code="b">eng</subfield><subfield code="c">KSH</subfield><subfield code="d">NPT</subfield><subfield code="d">MQN</subfield><subfield code="d">OCL</subfield><subfield code="d">OCLCQ</subfield></datafield><datafield ind1=" " ind2=" " tag="042"><subfield code="a">msc</subfield></datafield><datafield ind1="0" ind2="0" tag="245"><subfield code="a">Weekly Saint Louis evening news and intelligencer.</subfield></datafield><datafield ind1="3" ind2="0" tag="246"><subfield code="a">Weekly St. Louis evening news and intelligencer</subfield></datafield><datafield ind1=" " ind2=" " tag="260"><subfield code="a">Saint Louis [Mo.] :</subfield><subfield code="b">Charles G. Ramsey &amp; Co.</subfield></datafield><datafield ind1=" " ind2=" " tag="300"><subfield code="a">v.</subfield></datafield><datafield ind1=" " ind2=" " tag="310"><subfield code="a">Weekly</subfield></datafield><datafield ind1="0" ind2=" " tag="362"><subfield code="a">Vol. 8, no. 42 (Oct. 20, 1857)-</subfield></datafield><datafield ind1="1" ind2=" " tag="362"><subfield code="a">Ceased in 1859.</subfield></datafield><datafield ind1=" " ind2=" " tag="515"><subfield code="a">Continues numbering of: Weekly Saint Louis intelligencer.</subfield></datafield><datafield ind1=" " ind2=" " tag="752"><subfield code="a">United States</subfield><subfield code="b">Missouri</subfield><subfield code="d">Saint Louis.</subfield></datafield><datafield ind1="0" ind2=" " tag="775"><subfield code="t">Saint Louis daily evening news and intelligencer</subfield><subfield code="w">(DLC)sn 87052222</subfield></datafield><datafield ind1="0" ind2=" " tag="775"><subfield code="t">Triweekly Saint Louis evening news and intelligencer</subfield><subfield code="w">(DLC)sn 93060352</subfield></datafield><datafield ind1="0" ind2="4" tag="780"><subfield code="t">Saint Louis weekly news</subfield><subfield code="w">(DLC)sn 89067666</subfield></datafield><datafield ind1="0" ind2="4" tag="780"><subfield code="t">Weekly Saint Louis intelligencer</subfield><subfield code="w">(DLC)sn 86063711</subfield></datafield><datafield ind1="0" ind2="0" tag="785"><subfield code="t">Weekly St. Louis evening news</subfield><subfield code="w">(DLC)sn 86063958</subfield></datafield><datafield ind1="1" ind2=" " tag="029"><subfield code="a">AU@</subfield><subfield code="b">000022169253</subfield></datafield></record>